@ARTICLE{ieee80211,
  journal={{IEEE} {S}td 802.11-2012 ({R}evision of {IEEE} {S}td 802.11-2007)},
  title={{IEEE} {S}tandard for {I}nformation technology--{T}elecommunications and information exchange between systems {L}ocal and metropolitan area networks--{S}pecific requirements {P}art 11: {W}ireless {LAN} {M}edium {A}ccess {C}ontrol ({MAC}) and {P}hysical {L}ayer ({PHY}) {S}pecifications},
  year={2012}
}


@book{westcott2011cwap,
  title={CWAP Certified Wireless Analysis Professional Official Study Guide: Exam PW0-270},
  author={Westcott, D.A. and Coleman, D.D. and Miller, B. and Mackenzie, P.},
  isbn={9781118075234},
  lccn={2010053542},
  series={Serious skills},
  year={2011},
  publisher={Wiley}
}


@techreport{henryburton2011,
     title = {802.11s {M}esh {N}etworking},
     author = {Jerome Henry and Marcus Burton},
     year = {2011},
     institution = {Certified Wireless Network Professional},
     url = {http://www.cwnp.com/wp-content/uploads/pdf/802.11s_mesh_networking_v1.0.pdf},
     Date-Added = {2010-01-11 10:05:52},
     Date-Modified = {2010-07-22 12:08:45}
}


@book{coleman2009cwna,
  title={CWNA Certified Wireless Network Administrator Official Study Guide: Exam PW0-104},
  author={Coleman, D.D. and Westcott, D.A.},
  isbn={9780470612682},
  series={Serious skills},
  url={http://books.google.de/books?id=CBPnytQp7q8C},
  year={2009},
  publisher={Wiley}
}


@masterthesis{moep80211,
   title = {moep80211 - {T}owards a {C}oded {W}ireless {M}esh
{N}etwork based on {IEEE} 802.11 {C}onsumer {H}ardware},
   author = {{S}tephan {M}. {G}\"unther},
   year = {2012},
   school = {{T}echnische {U}niversit\"at {M}\"unchen},
   type = {{D}iplomarbeit}
}



